@misc{bulma,
	title = {Bulma.io},
	url = {https://bulma.io/}
}

@misc{dartsass-rails,
	title = {Dart Sass for Rails},
	url = {https://github.com/rails/dartsass-rails}
}

@misc{importmap-rails,
	title = {Importmap for Rails},
	url = {https://github.com/rails/importmap-rails}
}


